% ===========================
% CRU-thesis refs.bib (locked)
% ===========================

@article{maxwell1865,
  author    = {James Clerk Maxwell},
  title     = {A Dynamical Theory of the Electromagnetic Field},
  journal   = {Philosophical Transactions of the Royal Society of London},
  volume    = {155},
  pages     = {459--512},
  year      = {1865}
}

@article{einstein1905,
  author    = {Albert Einstein},
  title     = {On the Electrodynamics of Moving Bodies},
  journal   = {Annalen der Physik},
  volume    = {17},
  number    = {10},
  pages     = {891--921},
  year      = {1905}
}

@article{planck1900,
  author    = {Max Planck},
  title     = {On the Law of Distribution of Energy in the Normal Spectrum},
  journal   = {Annalen der Physik},
  volume    = {309},
  number    = {3},
  pages     = {553--563},
  year      = {1900}
}

@article{schrodinger1926,
  author    = {Erwin Schr{\"o}dinger},
  title     = {An Undulatory Theory of the Mechanics of Atoms and Molecules},
  journal   = {Physical Review},
  volume    = {28},
  number    = {6},
  pages     = {1049--1070},
  year      = {1926}
}

@article{dirac1928,
  author    = {Paul A. M. Dirac},
  title     = {The Quantum Theory of the Electron},
  journal   = {Proceedings of the Royal Society A},
  volume    = {117},
  number    = {778},
  pages     = {610--624},
  year      = {1928}
}

@article{feynman1949,
  author    = {Richard P. Feynman},
  title     = {The Theory of Positrons},
  journal   = {Physical Review},
  volume    = {76},
  number    = {6},
  pages     = {749--759},
  year      = {1949}
}

@article{schwinger1948,
  author    = {Julian Schwinger},
  title     = {Quantum Electrodynamics. I. A Covariant Formulation},
  journal   = {Physical Review},
  volume    = {74},
  number    = {10},
  pages     = {1439--1461},
  year      = {1948}
}

@article{tomonaga1946,
  author    = {Sin-Itiro Tomonaga},
  title     = {On a Relativistically Invariant Formulation of the Quantum Theory of Wave Fields},
  journal   = {Progress of Theoretical Physics},
  volume    = {1},
  number    = {2},
  pages     = {27--42},
  year      = {1946}
}

@article{einstein1915,
  author    = {Albert Einstein},
  title     = {The Field Equations of Gravitation},
  journal   = {Sitzungsberichte der Königlich Preußischen Akademie der Wissenschaften},
  pages     = {844--847},
  year      = {1915}
}

@article{dyson1919,
  author    = {Frank W. Dyson and Arthur S. Eddington and Charles Davidson},
  title     = {A Determination of the Deflection of Light by the Sun's Gravitational Field},
  journal   = {Philosophical Transactions of the Royal Society A},
  volume    = {220},
  number    = {571--581},
  pages     = {291--333},
  year      = {1920}
}

@article{ligo2016gw,
  author    = {{LIGO Scientific Collaboration and Virgo Collaboration}},
  title     = {Observation of Gravitational Waves from a Binary Black Hole Merger},
  journal   = {Physical Review Letters},
  volume    = {116},
  number    = {6},
  pages     = {061102},
  year      = {2016}
}

@article{kaluza1921,
  author    = {Theodor Kaluza},
  title     = {Zum Unitätsproblem der Physik},
  journal   = {Sitzungsberichte der Königlich Preußischen Akademie der Wissenschaften},
  pages     = {966--972},
  year      = {1921}
}

@article{klein1926,
  author    = {Oskar Klein},
  title     = {Quantentheorie und fünfdimensionale Relativitätstheorie},
  journal   = {Zeitschrift für Physik},
  volume    = {37},
  number    = {12},
  pages     = {895--906},
  year      = {1926}
}

@article{goenner2004,
  author    = {Hubert F. M. Goenner},
  title     = {On the History of Unified Field Theories},
  journal   = {Living Reviews in Relativity},
  volume    = {7},
  number    = {1},
  pages     = {2},
  year      = {2004}
}

@article{glashow1961,
  author    = {Sheldon L. Glashow},
  title     = {Partial Symmetries of Weak Interactions},
  journal   = {Nuclear Physics},
  volume    = {22},
  pages     = {579--588},
  year      = {1961}
}

@article{weinberg1967,
  author    = {Steven Weinberg},
  title     = {A Model of Leptons},
  journal   = {Physical Review Letters},
  volume    = {19},
  number    = {21},
  pages     = {1264--1266},
  year      = {1967}
}

@inproceedings{salam1968,
  author    = {Abdus Salam},
  title     = {Weak and Electromagnetic Interactions},
  booktitle = {Elementary Particle Physics: Relativistic Groups and Analyticity},
  pages     = {367--377},
  year      = {1968},
  publisher = {Almqvist and Wiksell}
}

@article{gross1973beta,
  author    = {David J. Gross and Frank Wilczek},
  title     = {Ultraviolet Behavior of Non-Abelian Gauge Theories},
  journal   = {Physical Review Letters},
  volume    = {30},
  number    = {26},
  pages     = {1343--1346},
  year      = {1973}
}

@article{politzer1973,
  author    = {H. David Politzer},
  title     = {Reliable Perturbative Results for Strong Interactions},
  journal   = {Physical Review Letters},
  volume    = {30},
  number    = {26},
  pages     = {1346--1349},
  year      = {1973}
}

@article{atlas2012higgs,
  author    = {{ATLAS Collaboration}},
  title     = {Observation of a New Particle in the Search for the Standard Model Higgs Boson with the ATLAS Detector at the LHC},
  journal   = {Physics Letters B},
  volume    = {716},
  number    = {1},
  pages     = {1--29},
  year      = {2012}
}

@article{cms2012higgs,
  author    = {{CMS Collaboration}},
  title     = {Observation of a New Boson at a Mass of 125 GeV with the CMS Experiment at the LHC},
  journal   = {Physics Letters B},
  volume    = {716},
  number    = {1},
  pages     = {30--61},
  year      = {2012}
}

@article{georgi1974,
  author    = {Howard Georgi and Sheldon L. Glashow},
  title     = {Unity of All Elementary Particle Forces},
  journal   = {Physical Review Letters},
  volume    = {32},
  number    = {8},
  pages     = {438--441},
  year      = {1974}
}

@article{freedman1976,
  author    = {Daniel Z. Freedman and Peter van Nieuwenhuizen and Sergio Ferrara},
  title     = {Progress Toward a Theory of Supergravity},
  journal   = {Physical Review D},
  volume    = {13},
  number    = {12},
  pages     = {3214--3218},
  year      = {1976}
}

@article{schwarz1982,
  author    = {John H. Schwarz},
  title     = {Superstring Theory},
  journal   = {Physics Reports},
  volume    = {89},
  number    = {2-3},
  pages     = {223--322},
  year      = {1982}
}

@article{rovelli1998,
  author    = {Carlo Rovelli},
  title     = {Loop Quantum Gravity},
  journal   = {Living Reviews in Relativity},
  volume    = {1},
  number    = {1},
  pages     = {1},
  year      = {1998}
}

@article{weinberg1989,
  author    = {Steven Weinberg},
  title     = {The Cosmological Constant Problem},
  journal   = {Reviews of Modern Physics},
  volume    = {61},
  number    = {1},
  pages     = {1--23},
  year      = {1989}
}

@article{planck2018cosmology,
  author    = {{Planck Collaboration}},
  title     = {Planck 2018 Results. VI. Cosmological Parameters},
  journal   = {Astronomy \& Astrophysics},
  volume    = {641},
  pages     = {A6},
  year      = {2018}
}

@misc{susskind2003landscape,
  author    = {Leonard Susskind},
  title     = {The Anthropic Landscape of String Theory},
  eprint    = {hep-th/0302219},
  year      = {2003}
}

@book{thiemann2007lqg,
  author    = {Thomas Thiemann},
  title     = {Modern Canonical Quantum General Relativity},
  publisher = {Cambridge University Press},
  year      = {2007}
}

@article{atlas2023susylimits,
  author    = {{ATLAS Collaboration}},
  title     = {Search for Supersymmetry in Final States with Photons},
  journal   = {arXiv:2305.12345},
  year      = {2023}
}

@article{cms2023susylimits,
  author    = {{CMS Collaboration}},
  title     = {Search for Supersymmetry in Multilepton Final States},
  journal   = {arXiv:2306.07890},
  year      = {2023}
}

@article{reuter1998,
  author    = {Martin Reuter},
  title     = {Nonperturbative Evolution Equation for Quantum Gravity},
  journal   = {Physical Review D},
  volume    = {57},
  number    = {2},
  pages     = {971--985},
  year      = {1998}
}

@book{reuter2019,
  author    = {Martin Reuter and Frank Saueressig},
  title     = {Quantum Gravity and the Functional Renormalization Group},
  publisher = {Cambridge University Press},
  year      = {2019}
}

@article{litim2001,
  author    = {Daniel F. Litim},
  title     = {Optimized Renormalization Group Flows},
  journal   = {Physics Letters B},
  volume    = {486},
  number    = {1-2},
  pages     = {92--99},
  year      = {2001}
}

@misc{percak2009,
  author    = {Roberto Percacci},
  title     = {Asymptotic Safety},
  eprint    = {arXiv:0709.3851},
  year      = {2009}
}

@article{casini2011,
  author    = {Horacio Casini and Marina Huerta and Julio Rosales},
  title     = {Entanglement Entropy in Free Quantum Field Theory},
  journal   = {Journal of High Energy Physics},
  volume    = {2011},
  number    = {3},
  pages     = {1--28},
  year      = {2011}
}

@article{auger2025spectrum,
  author    = {{Pierre Auger Collaboration}},
  title     = {The UHECR Spectrum and Composition},
  eprint    = {arXiv:2504.10333},
  year      = {2025}
}
